<?xml version="1.0" encoding="UTF-8" ?>
<marc:collection xmlns:marc="http://www.loc.gov/MARC21/slim"
    xmlns:xsi="http://www.w3.org/2001/XMLSchema-instance"
    xsi:schemaLocation="http://www.loc.gov/MARC21/slim http://www.loc.gov/standards/marcxml/schema/MARC21slim.xsd">
    <marc:record>
        <marc:leader>01901cpcaa2200445Ii 4500</marc:leader>
        <marc:controlfield tag="001">000887878</marc:controlfield>
        <marc:controlfield tag="005">20180831120527.0</marc:controlfield>
        <marc:controlfield tag="008">891031i17831874mdu                 eng d</marc:controlfield>
        <marc:datafield tag="035" ind1=" " ind2=" ">
            <marc:subfield code="a">20574618</marc:subfield>
        </marc:datafield>
        <marc:datafield tag="040" ind1=" " ind2=" ">
            <marc:subfield code="a">NDD</marc:subfield>
            <marc:subfield code="b">eng</marc:subfield>
            <marc:subfield code="e">rda</marc:subfield>
            <marc:subfield code="e">dacs</marc:subfield>
            <marc:subfield code="c">NDD</marc:subfield>
            <marc:subfield code="d">OCLCQ</marc:subfield>
            <marc:subfield code="d">OCLCO</marc:subfield>
            <marc:subfield code="d">OCLCF</marc:subfield>
            <marc:subfield code="d">OCLCA</marc:subfield>
            <marc:subfield code="d">NDD</marc:subfield>
        </marc:datafield>
        <marc:datafield tag="041" ind1=" " ind2=" ">
            <marc:subfield code="a">eng</marc:subfield>
        </marc:datafield>
        <marc:datafield tag="043" ind1=" " ind2=" ">
            <marc:subfield code="a">n-us-md</marc:subfield>
            <marc:subfield code="a">e-uk-en</marc:subfield>
        </marc:datafield>
        <marc:datafield tag="049" ind1=" " ind2=" ">
            <marc:subfield code="a">NDDP</marc:subfield>
        </marc:datafield>
        <marc:datafield tag="100" ind1="1" ind2=" ">
            <marc:subfield code="a">Edmondson, Thomas,</marc:subfield>
            <marc:subfield code="e">creator.</marc:subfield>
        </marc:datafield>
        <marc:datafield tag="245" ind1="1" ind2="0">
            <marc:subfield code="a">Thomas and Isaac Edmondson papers,</marc:subfield>
            <marc:subfield code="f">1783-1874 ;</marc:subfield>
            <marc:subfield code="g">(bulk 1800-1820).</marc:subfield>
        </marc:datafield>
        <marc:datafield tag="264" ind1=" " ind2="0">
            <marc:subfield code="c">1783-1874.</marc:subfield>
        </marc:datafield>
        <marc:datafield tag="300" ind1=" " ind2=" ">
            <marc:subfield code="a">68</marc:subfield>
            <marc:subfield code="f">items.</marc:subfield>
        </marc:datafield>
        <marc:datafield tag="336" ind1=" " ind2=" ">
            <marc:subfield code="a">text</marc:subfield>
            <marc:subfield code="b">txt</marc:subfield>
            <marc:subfield code="2">rdacontent</marc:subfield>
        </marc:datafield>
        <marc:datafield tag="337" ind1=" " ind2=" ">
            <marc:subfield code="a">unmediated</marc:subfield>
            <marc:subfield code="b">n</marc:subfield>
            <marc:subfield code="2">rdamedia</marc:subfield>
        </marc:datafield>
        <marc:datafield tag="338" ind1=" " ind2=" ">
            <marc:subfield code="a">sheet</marc:subfield>
            <marc:subfield code="b">nb</marc:subfield>
            <marc:subfield code="2">rdacarrier</marc:subfield>
        </marc:datafield>
        <marc:datafield tag="545" ind1=" " ind2=" ">
            <marc:subfield code="a">Baltimore, Md., merchants.</marc:subfield>
        </marc:datafield>
        <marc:datafield tag="520" ind1="8" ind2=" ">
            <marc:subfield code="a">Business papers of Thomas Edmondson and Isaac Edmondson, merchants dealing in woolen and cotton cloth, some of which was imported from England and some of which were sold in Winchester, Va. One letter includes discussion of the 1812 Embargo Act. Also includes the business transactions of Dr. Thomas Edmondson in the 1840s and a few family letters.</marc:subfield>
        </marc:datafield>
        <marc:datafield tag="600" ind1="3" ind2="0">
            <marc:subfield code="a">Edmondson family.</marc:subfield>
        </marc:datafield>
        <marc:datafield tag="600" ind1="1" ind2="0">
            <marc:subfield code="a">Edmondson, Thomas,</marc:subfield>
            <marc:subfield code="c">Dr.</marc:subfield>
        </marc:datafield>
        <marc:datafield tag="600" ind1="3" ind2="7">
            <marc:subfield code="a">Edmondson family.</marc:subfield>
            <marc:subfield code="2">fast</marc:subfield>
            <marc:subfield code="0">(OCoLC)fst00217827</marc:subfield>
        </marc:datafield>
        <marc:datafield tag="651" ind1=" " ind2="0">
            <marc:subfield code="a">Baltimore (Md.)</marc:subfield>
            <marc:subfield code="x">Commerce.</marc:subfield>
        </marc:datafield>
        <marc:datafield tag="651" ind1=" " ind2="0">
            <marc:subfield code="a">Maryland</marc:subfield>
            <marc:subfield code="x">Economic conditions.</marc:subfield>
        </marc:datafield>
        <marc:datafield tag="650" ind1=" " ind2="0">
            <marc:subfield code="a">Merchants</marc:subfield>
            <marc:subfield code="z">Maryland</marc:subfield>
            <marc:subfield code="z">Baltimore.</marc:subfield>
        </marc:datafield>
        <marc:datafield tag="650" ind1=" " ind2="0">
            <marc:subfield code="a">Merchants</marc:subfield>
            <marc:subfield code="x">Records.</marc:subfield>
        </marc:datafield>
        <marc:datafield tag="650" ind1=" " ind2="0">
            <marc:subfield code="a">Textile industry</marc:subfield>
            <marc:subfield code="z">England.</marc:subfield>
        </marc:datafield>
        <marc:datafield tag="650" ind1=" " ind2="0">
            <marc:subfield code="a">Textile industry</marc:subfield>
            <marc:subfield code="z">Virginia.</marc:subfield>
        </marc:datafield>
        <marc:datafield tag="650" ind1=" " ind2="7">
            <marc:subfield code="a">Commerce.</marc:subfield>
            <marc:subfield code="2">fast</marc:subfield>
            <marc:subfield code="0">(OCoLC)fst00869279</marc:subfield>
        </marc:datafield>
        <marc:datafield tag="650" ind1=" " ind2="7">
            <marc:subfield code="a">Economic history.</marc:subfield>
            <marc:subfield code="2">fast</marc:subfield>
            <marc:subfield code="0">(OCoLC)fst00901974</marc:subfield>
        </marc:datafield>
        <marc:datafield tag="650" ind1=" " ind2="7">
            <marc:subfield code="a">Merchants.</marc:subfield>
            <marc:subfield code="2">fast</marc:subfield>
            <marc:subfield code="0">(OCoLC)fst01017057</marc:subfield>
        </marc:datafield>
        <marc:datafield tag="651" ind1=" " ind2="7">
            <marc:subfield code="a">England.</marc:subfield>
            <marc:subfield code="2">fast</marc:subfield>
            <marc:subfield code="0">(OCoLC)fst01219920</marc:subfield>
        </marc:datafield>
        <marc:datafield tag="651" ind1=" " ind2="7">
            <marc:subfield code="a">Maryland.</marc:subfield>
            <marc:subfield code="2">fast</marc:subfield>
            <marc:subfield code="0">(OCoLC)fst01204739</marc:subfield>
        </marc:datafield>
        <marc:datafield tag="651" ind1=" " ind2="7">
            <marc:subfield code="a">Maryland</marc:subfield>
            <marc:subfield code="z">Baltimore.</marc:subfield>
            <marc:subfield code="2">fast</marc:subfield>
            <marc:subfield code="0">(OCoLC)fst01204292</marc:subfield>
        </marc:datafield>
        <marc:datafield tag="655" ind1=" " ind2="7">
            <marc:subfield code="a">Records (Sports)</marc:subfield>
            <marc:subfield code="2">fast</marc:subfield>
            <marc:subfield code="0">(OCoLC)fst01424191</marc:subfield>
        </marc:datafield>
        <marc:datafield tag="700" ind1="1" ind2=" ">
            <marc:subfield code="a">Edmondson, Isaac,</marc:subfield>
            <marc:subfield code="e">correspondent.</marc:subfield>
        </marc:datafield>
        <marc:datafield tag="700" ind1="1" ind2=" ">
            <marc:subfield code="a">Edmondson, Thomas,</marc:subfield>
            <marc:subfield code="c">Dr.,</marc:subfield>
            <marc:subfield code="e">correspondent.</marc:subfield>
        </marc:datafield>
    </marc:record>